@misc{VM,
 author = {Oracle},
 title = {Oracle VM VirtualBox},
 addendum = {(accessed: 12.04.2019)},
 year = {2019},
 url = {https://www.virtualbox.org/},
}

@misc{openCV,
 author = {OpenCV.prg},
 title = {Comunidade openCV},
 addendum = {"(accessed: 7.04.2019)"},
 year = {2019},
 url = {"https://opencv.org/"},
}

@misc{SumOfAbsDif,
 author = {Loraof},
 title = {Sum of absolute differences},
 addendum = {"(accessed: 04.05.2019)"},
 year = {2019},
 url = {"https://en.wikipedia.org/wiki/Sum_of_absolute_differences"},
}

@misc{JadePlant,
 author = {Middlebury University},
 title = {JadePlant - Perfect},
 addendum = {"(accessed: 04.05.2019)"},
 year = {2019},
 url = {http://vision.middlebury.edu/stereo/data/scenes2014/datasets/Jadeplant-perfect}
 ,
}

@misc{Motorcycle,
 author = {Middlebury University},
 title = {Motorcycle - Perfect},
 addendum = {"(accessed: 04.05.2019)"},
 year = {2019},
 url = {http://vision.middlebury.edu/stereo/data/scenes2014/datasets/Motorcycle-perfect}
 ,
}
